%% This BibTeX bibliography file was created using BibDesk.
%% http://bibdesk.sourceforge.net/

%% Created for Shane at 2016-07-08 14:32:35 +1200 


%% Saved with string encoding Unicode (UTF-8) 



@misc{1_pearce_2016,
	Author = {Pearce, David},
	Journal = {GitHub},
	Title = {Whiley/WhileyDocs},
	Url = {https://github.com/Whiley/WhileyDocs},
	Urldate = {2016-7-8},
	Year = {2016},
	Bdsk-Url-1 = {https://github.com/Whiley/WhileyDocs}}

@misc{2_pearce_2016,
	Author = {Pearce, David},
	Journal = {Whiley.org},
	Title = {Whiley Overview},
	Url = {http://whiley.org/about/overview/},
	Urldate = {2016-7-8},
	Year = {2016},
	Bdsk-Url-1 = {http://whiley.org/about/overview/}}

@misc{3_bastien_gohman_trofin_gadd_2016,
	Author = {Bastien, JF and Gohman, Dan and Trofin, Mircea and Gadd, Katelyn},
	Journal = {GitHub},
	Title = {WebAssembly/design},
	Url = {https://github.com/WebAssembly/design/blob/master/Rationale.md#why-ast},
	Urldate = {2016-7-8},
	Year = {2016},
	Bdsk-Url-1 = {https://github.com/WebAssembly/design/blob/master/Rationale.md#why-ast}}

@misc{4_gohman_bastien_wagner_zakai_fitzgerald_schuff_holman_2016,
	Author = {Gohman, Dan and Bastien, JF and Wagner, Luke and Zakai, Alon and Fitzgerald, Nick and Schuff, Derek and Holman, Michael},
	Journal = {GitHub},
	Title = {WebAssembly/design},
	Url = {https://github.com/WebAssembly/design/blob/master/FutureFeatures.md#more-expressive-control-flow},
	Urldate = {2016-7-8},
	Year = {2016},
	Bdsk-Url-1 = {https://github.com/WebAssembly/design/blob/master/FutureFeatures.md#more-expressive-control-flow}}

@misc{5_gohman_wagner_bastien_2016,
	Author = {Gohman, Dan and Wagner, Luke and Bastien, JF},
	Journal = {GitHub},
	Title = {WebAssembly/design},
	Url = {https://github.com/WebAssembly/design/blob/master/GC.md},
	Urldate = {2016-7-8},
	Year = {2016},
	Bdsk-Url-1 = {https://github.com/WebAssembly/design/blob/master/GC.md}}

@misc{6_bastien_2016,
	Author = {Bastien, JF},
	Journal = {GitHub},
	Title = {Going public launch bug · Issue 150 · WebAssembly/design},
	Url = {https://github.com/WebAssembly/design/issues/150},
	Urldate = {2016-7-8},
	Year = {2016},
	Bdsk-Url-1 = {https://github.com/WebAssembly/design/issues/150}}

@misc{7_zhu_2016,
	Author = {Zhu, Limin},
	Journal = {Microsoft Edge Dev Blog},
	Title = {Previewing WebAssembly experiments in Microsoft Edge},
	Url = {https://blogs.windows.com/msedgedev/2016/03/15/previewing-webassembly-experiments/},
	Urldate = {2016-7-8},
	Year = {2016},
	Bdsk-Url-1 = {https://blogs.windows.com/msedgedev/2016/03/15/previewing-webassembly-experiments/}}

@misc{8_wagner_2016,
	Author = {Wagner, Luke},
	Journal = {Hacks.mozilla.org},
	Title = {A WebAssembly Milestone: Experimental Support in Multiple Browsers ★ Mozilla Hacks -- the Web developer blog},
	Url = {https://hacks.mozilla.org/2016/03/a-webassembly-milestone/},
	Urldate = {2016-7-8},
	Year = {2016},
	Bdsk-Url-1 = {https://hacks.mozilla.org/2016/03/a-webassembly-milestone/}}

@misc{10_gohman_bastien_wagner_2016,
	Author = {Gohman, Dan and Bastien, JF and Wagner, Luke},
	Journal = {GitHub},
	Title = {WebAssembly/design},
	Url = {https://github.com/WebAssembly/design/blob/master/AstSemantics.md},
	Urldate = {2016-7-8},
	Year = {2016},
	Bdsk-Url-1 = {https://github.com/WebAssembly/design/blob/master/AstSemantics.md}}

@misc{11_webassembly/spec_2016,
	Author = {Spec},
	Journal = {GitHub},
	Url = {https://github.com/WebAssembly/spec/tree/master/ml-proto},
	Urldate = {2016-7-8},
	Year = {2016},
	Bdsk-Url-1 = {https://github.com/WebAssembly/spec/tree/master/ml-proto}}

@misc{9_webassembly_2016,
	Journal = {Webassembly.github.io},
	Url = {https://webassembly.github.io/},
	Urldate = {2016-7-8},
	Year = {2016},
	Bdsk-Url-1 = {https://webassembly.github.io/}}
	
	@inproceedings{Zakai:2011:ELC:2048147.2048224,
 author = {Zakai, Alon},
 title = {Emscripten: An LLVM-to-JavaScript Compiler},
 booktitle = {Proceedings of the ACM International Conference Companion on Object Oriented Programming Systems Languages and Applications Companion},
 series = {OOPSLA '11},
 year = {2011},
 isbn = {978-1-4503-0942-4},
 location = {Portland, Oregon, USA},
 pages = {301--312},
 numpages = {12},
 url = {http://doi.acm.org/10.1145/2048147.2048224},
 doi = {10.1145/2048147.2048224},
 acmid = {2048224},
 publisher = {ACM},
 address = {New York, NY, USA},
 keywords = {decompiler, javascript, llvm}
} 

@misc{12_bastien_wagner_gohman_2016,
	author = {Bastien, JF and Wagner, Luke and Gohman, Dan},
	title = {WebAssembly/design},
	url = {https://github.com/WebAssembly/design/blob/master/PostMVP.md},
	urldate = {2016-7-8},
	journal = {GitHub},
	year = {2016}}
