%% This BibTeX bibliography file was created using BibDesk.
%% http://www.cs.ucsd.edu/~mmccrack/bibdesk.html


%% Created for neil at 2002-12-09 14:04:13 +1300 


@misc{1_pearce_2016,
	author = {Pearce, David},
	title = {Whiley/WhileyDocs},
	url = {https://github.com/Whiley/WhileyDocs},
	urldate = {2016-7-8},
	journal = {GitHub},
	year={2016}}


@misc{2_pearce_2016,
[break] author={Pearce, David},
[break] title={Whiley |   Overview},
[break] url={http://whiley.org/about/overview/},
[break] urldate={2016-7-8},[break] journal={Whiley.org},[break] year={2016}}

@misc{3_bastien_gohman_trofin_gadd_2016,
[break] author={Bastien, JF and Gohman, Dan and Trofin, Mircea and Gadd, Katelyn},
[break] title={WebAssembly/design},[break] url={https://github.com/WebAssembly/design/blob/master/Rationale.md#why-ast},
[break] urldate={2016-7-8},
[break] journal={GitHub},
[break] year={2016}}

@misc{4_gohman_bastien_wagner_zakai_fitzgerald_schuff_holman_2016,
[break] author={Gohman, Dan and Bastien, JF and Wagner, Luke and Zakai, Alon and Fitzgerald, Nick and Schuff, Derek and Holman, Michael},
[break] title={WebAssembly/design},
[break] url={https://github.com/WebAssembly/design/blob/master/FutureFeatures.md#more-expressive-control-flow},[break] urldate={2016-7-8},
[break] journal={GitHub},
[break] year={2016}}